% This file was created with JabRef 2.7.2.
% Encoding: Cp1252

@ARTICLE{Acker:2007vk,
  author = {Acker, J. G. and Leptoukh, G.},
  title = {Online Analysis Enhances use of {NASA} {E}arth {S}cience {D}ata},
  journal = {EOS},
  year = {2007},
  volume = {88},
  pages = {14-17},
  number = {2}
}

@ARTICLE{Andres1994,
  author = {Andres, L. and Salas, W. A. and Skole, D.},
  title = {Fourier Analysis of Multi-Temporal {AVHRR} Data Applied to a Land
	Cover Classification},
  journal = {International Journal of Remote Sensing},
  year = {1994},
  volume = {15},
  pages = {1115-1121},
  number = {5}
}

@ARTICLE{Anyamba1996,
  author = {Anyamba, A. and Eastman, J. R.},
  title = {Interannual Variability of {NDVI} over {A}frica and Its Relation
	to {E}l {N}ino {S}outhern {O}scillation},
  journal = {International Journal of Remote Sensing},
  year = {1996},
  volume = {17},
  pages = {2533-2548},
  number = {13}
}

@ARTICLE{Asner:2011fa,
  author = {Asner, Gregory P},
  title = {Painting the World REDD: Addressing Scientific Barriers to Monitoring
	Emissions from Tropical Forests},
  journal = {Environmental Research Letters},
  year = {2011},
  volume = {6},
  pages = {021002},
  number = {2},
  month = may
}

@ARTICLE{Asner:2009wa,
  author = {Asner, Gregory P and Knapp, David E. and Balaji, Aravindh and Paez-Acosta,
	Guayana},
  title = {Automated Mapping of Tropical Deforestation and Forest Degradation:
	{CLASlite}},
  journal = {Journal of Applied Remote Sensing},
  year = {2009},
  volume = {3},
  number = {1}
}

@ARTICLE{Azzali2000,
  author = {Azzali, S. and Menenti, M.},
  title = {Mapping Vegetation-Soil-Climate Complexes in Southern {A}frica Using
	Temporal {F}ourier Analysis of {NOAA-AVHRR} {NDVI} Data},
  journal = {International Journal of Remote Sensing},
  year = {2000},
  volume = {21},
  pages = {973-996},
  number = {5}
}

@ARTICLE{Bai2003,
  author = {Bai, J. and Perron, P.},
  title = {Computation and Analysis of Multiple Structural Change Models},
  journal = {Journal of Applied Econometrics},
  year = {2003},
  volume = {18},
  pages = {1-22},
  number = {1},
  owner = {ver090},
  timestamp = {2009.03.22}
}

@ARTICLE{Bai1998,
  author = {Jushan Bai and Pierre Perron},
  title = {Estimating and Testing Linear Models with Multiple Structural Changes},
  journal = {Econometrica},
  year = {1998},
  volume = {66},
  pages = {47--78}
}

@ARTICLE{deBeurs:2005jq,
  author = {de Beurs, K. M. and Henebry, G. M.},
  title = {A Statistical Framework for the Analysis of Long Image Time Series},
  journal = {International Journal of Remote Sensing},
  year = {2005},
  volume = {26},
  pages = {1551--1573},
  number = {8}
}

@ARTICLE{Beurs2009,
  author = {de Beurs, K. M. and Wright, C. K. and Henebry, G. M.},
  title = {Dual Scale Trend Analysis for Evaluating Climatic and Anthropogenic
	Effects on the Vegetated Land Surface in {R}ussia and {K}azakhstan},
  journal = {Environmental Research Letters},
  year = {2009},
  volume = {4},
  number = {4}
}

@ARTICLE{Beurs2008a,
  author = {de Beurs, K. M. and Henebry, G. M.},
  title = {Northern Annular Mode Effects on the Land Surface Phenologies of
	Northern {Eurasia}},
  journal = {Journal of Climate},
  year = {2008},
  volume = {21},
  pages = {4257-4279},
  number = {17}
}

@ARTICLE{Beurs2005a,
  author = {de Beurs, K. M. and Henebry, G. M.},
  title = {Land Surface Phenology and Temperature Variation in the {I}nternational
	{G}eosphere-{B}iosphere {P}rogram High-Latitude Transects},
  journal = {Global Change Biology},
  year = {2005},
  volume = {11},
  pages = {779-790},
  number = {5}
}

@ARTICLE{Beurs2004,
  author = {de Beurs, K. M. and Henebry, G. M.},
  title = {Land Surface Phenology, Climatic Variation, and Institutional Change:
	{A}nalyzing Agricultural Land Cover Change in {K}azakhstan},
  journal = {Remote Sensing of Environment},
  year = {2004},
  volume = {89},
  pages = {497-509},
  number = {4}
}

@ARTICLE{Beurs2004a,
  author = {de Beurs, K. M. and Henebry, G. M.},
  title = {Trend Analysis of the {P}athfinder {AVHRR} {L}and ({PAL}) {NDVI} Data for
	the Deserts of Central {A}sia},
  journal = {IEEE Geoscience and Remote Sensing Letters},
  year = {2004},
  volume = {1},
  pages = { 282-286},
  number = {4},
  month = {Oct.},
  doi = {10.1109/LGRS.2004.834805},
  issn = {1545-598X}
}

@ARTICLE{Beurs2008,
  author = {de Beurs, K. M. and Townsend, P. A.},
  title = {Estimating the Effect of Gypsy Moth Defoliation Using {MODIS}},
  journal = {Remote Sensing of Environment},
  year = {2008},
  volume = {112},
  pages = {3983-3990},
  number = {10}
}

@ARTICLE{Bontemps:2008vn,
  author = {Bontemps, S and Bogaert, P and Titeux, N and Defourny, P},
  title = {An Object-Based Change Detection Method Accounting for Temporal Dependences
	in Time Series with Medium to Coarse Spatial Resolution},
  journal = {Remote Sensing Of Environment},
  year = {2008},
  volume = {112},
  pages = {3181--3191},
  number = {6}
}

@ARTICLE{Bradley2007,
  author = {Bradley, Bethany A. and Jacob, Robert W. and Hermance, John F. and
	Mustard, John F.},
  title = {A Curve Fitting Procedure to Derive Inter-Annual Phenologies from
	Time Series of Noisy Satellite {NDVI} Data},
  journal = {Remote Sensing of Environment},
  year = {2007},
  volume = {106},
  pages = {137-145},
  number = {2}
}

@ARTICLE{Bradley2008,
  author = {Bradley, B. A. and Mustard, J. F.},
  title = {Comparison of Phenology Trends by Land Cover Class: A Case Study
	in the {G}reat {B}asin, {USA}},
  journal = {Global Change Biology},
  year = {2008},
  volume = {14},
  pages = {334-346},
  number = {2}
}

@ARTICLE{Brown:2010fq,
  author = {Brown, Molly E and de Beurs, Kirsten M. and Vrieling, Anton},
  title = {The Response of {A}frican Land Surface Phenology to Large Scale Climate
	Oscillations},
  journal = {Remote Sensing of Environment},
  year = {2010},
  volume = {114},
  pages = {2286--2296},
  number = {10}
}

@ARTICLE{Choler2009,
  author = {Choler, P. and Sea, W. and Briggs, P. and Raupach, M. and Leuning,
	R.},
  title = {A Simple Ecohydrological Model Captures Essentials of Seasonal Leaf
	Dynamics in Semi-Arid Tropical Grasslands},
  journal = {Biogeosciences Discuss.},
  year = {2009},
  volume = {6},
  pages = {8661-8690},
  number = {5}
}

@ARTICLE{Chu1995,
  author = {Chu, Chia-Shang J. and Hornik, Kurt and Kuan, Chung-Ming},
  title = {{MOSUM} Tests for Parameter Constancy},
  journal = {Biometrika},
  year = {1995},
  volume = {82},
  pages = {603--617},
  number = {3},
}

@ARTICLE{Chu1996,
  author = {Chia-Shang James Chu and Maxwell Stinchcombe and Halbert White},
  title = {Monitoring Structural Change},
  journal = {Econometrica},
  year = {1996},
  volume = {64},
  pages = {1045--1065},
  number = {5}
}

@ARTICLE{Cleland2007,
  author = {Cleland, Elsa E. and Chuine, Isabelle and Menzel, Annette and Mooney,
	Harold A. and Schwartz, Mark D.},
  title = {Shifting Plant Phenology in Response to Global Change},
  journal = {Trends in Ecology \& Evolution},
  year = {2007},
  volume = {22},
  pages = {357-365},
  number = {7},
  doi = {10.1016/j.tree.2007.04.003}
}

@ARTICLE{Cleveland1990,
  author = {Cleveland, R. B. and Cleveland, W. S. and McRae, J. E. and Terpenning,
	I.},
  title = {{STL}: A Seasonal-Trend Decomposition Procedure Based on Loess},
  journal = {Journal of Official Statistics},
  year = {1990},
  volume = {6},
  pages = {3-73}
}

@ARTICLE{Coppin2004,
  author = {Coppin, P. and Jonckheere, I. and Nackaerts, K. and Muys, B. and
	Lambin, E.},
  title = {Digital Change Detection Methods in Ecosystem Monitoring: A Review},
  journal = {International Journal of Remote Sensing},
  year = {2004},
  volume = {25},
  pages = {1565-1596},
  number = {9}
}

@ARTICLE{Crist1984,
  author = {Crist, E. P. and Cicone, R. C.},
  title = {A Physically-Based Transformation of Thematic Mapper Data -- {T}he
	{TM} {T}asseled {C}ap},
  journal = {IEEE Transactions on Geoscience and Remote Sensing},
  year = {1984},
  volume = {22},
  pages = {256-263},
  number = {3},
  owner = {ver090},
  timestamp = {2009.03.15}
}

@BOOK{Cryer2008,
  title = {Time Series Analysis -- {W}ith Applications in {R}},
  publisher = {Springer-Verlag},
  year = {2008},
  author = {Jonathan D. Cryer and Kung-Sik Chan},
  address = {New York},
  edition = {2nd}
}

@ARTICLE{DeFries1999,
  author = {DeFries, R. S. and Field, C. B. and Fung, I. and Collatz, G. J. and
	Bounoua, L.},
  title = {Combining Satellite Data and Biogeochemical Models to Estimate Global
	Effects of Human-Induced Land Cover Change on Carbon Emissions and
	Primary Productivity},
  journal = {Global Biogeochemical Cycles},
  year = {1999},
  volume = {13},
  pages = {803-815},
  number = {3}
}

@ARTICLE{Deng2008,
  author = {Deng, J. S. and Wang, K. and Deng, Y. H. and Qi, G. J.},
  title = {{PCA}-Based Land-Use Change Detection and Analysis Using Multitemporal
	and Multisensor Satellite Data},
  journal = {International Journal of Remote Sensing},
  year = {2008},
  volume = {29},
  pages = {4823-4838},
  number = {16},
  owner = {ver090},
  timestamp = {2009.03.15}
}

@ARTICLE{Dixon1994,
  author = {Dixon, R. K. and Solomon, A. M. and Brown, S. and Houghton, R. A.
	and Trexier, M. C. and Wisniewski, J.},
  title = {Carbon Pools and Flux of Global Forest Ecosystems},
  journal = {Science},
  year = {1994},
  volume = {263},
  pages = {185-190},
  number = {5144},
  doi = {10.1126/science.263.5144.185}
}

@ARTICLE{Donohue2009,
  author = {Donohue, Randall J and McVICAR, Tim R. and Roderick, Michael L},
  title = {Climate-Related Trends in {A}ustralian Vegetation Cover as Inferred
	from Satellite Observations, 1981--2006},
  journal = {Global Change Biology},
  year = {2009},
  volume = {15},
  pages = {1025-1039},
  number = {4}
}

@ARTICLE{Eastman2009,
  author = {Eastman, J. R. and Sangermano, F. and Ghimire, B. and Zhu, H. and
	Chen, H. and Neeti, N. and Cai, Y. and Machado, E. A. and Crema,
	S. C.},
  title = {Seasonal Trend Analysis of Image Time Series},
  journal = {International Journal of Remote Sensing},
  year = {2009},
  volume = {30},
  pages = {2721-2726},
  number = {10}
}

@ARTICLE{Ebert:2007tj,
  author = {Ebert, E. E. and Janowiak, J. E. and Kidd, C.},
  title = {Comparison of Near-Real-Time Precipitation Estimates from Satellite
	Observations and Numerical Models},
  journal = {Bulletin of the American Meteorological Society},
  year = {2007},
  volume = {88},
  pages = {47--64},
  number = {1}
}

@ARTICLE{Eklundh2001,
  author = {Eklundh, L. and Harrie, L. and Kuusk, A.},
  title = {Investigating Relationships between {L}andsat {ETM} plus Sensor Data
	and Leaf Area Index in a Boreal Conifer Forest},
  journal = {Remote Sensing of Environment},
  year = {2001},
  volume = {78},
  pages = {239-251},
  number = {3}
}

@ARTICLE{EricA2010,
  author = {Eric A, Graham and Erin C, Riordan and Eric M, Yuen and Deborah,
	Estrin and Philip W, Rundel},
  title = {Public Internet-Connected Cameras Used as a Cross-Continental Ground-Based
	Plant Phenology Monitoring System},
  journal = {Global Change Biology},
  year = {2010},
  note = {10.1111/j.1365-2486.2010.02164.x}
}

@ARTICLE{Fensholt2009,
  author = {Rasmus Fensholt and Kjeld Rasmussen and Thomas Theis Nielsen and
	Cheikh Mbow},
  title = {Evaluation of {E}arth Observation Based Long Term Vegetation Trends
	-- Intercomparing {NDVI} Time Series Trend Analysis Consistency of
	{S}ahel from {AVHRR GIMMS}, {Terra MODIS} and {SPOT VGT} Data},
  journal = {Remote Sensing of Environment},
  year = {2009},
  volume = {113},
  pages = {1886-1898},
  number = {9}
}

@ARTICLE{Friedl2006,
  author = {Friedl, M. and G. Henebry and B. Reed and A. Huete and M. White and
	J. Morisette and R. Nemani and X. Zhang and R. Myneni},
  title = {Land Surface Phenology},
  journal = {NASA white paper},
  year = {2006},
  institution = {NASA white Paper},
  url = {ftp://ftp.iluci.org/Land_ESDR/Phenology_Friedl_whitepaper.pdf}
}

@ARTICLE{Funk:2011fg,
  author = {Funk, Chris},
  title = {We Thought Trouble Was Coming},
  journal = {Nature},
  year = {2011},
  volume = {476},
  pages = {7},
  number = {7358},
  month = aug
}

@ARTICLE{Funk:2009vf,
  author = {Funk, Chris and Budde, Michael E.},
  title = {Phenologically-Tuned {MODIS} {NDVI}-Based Production Anomaly Estimates
	for {Z}imbabwe},
  journal = {Remote Sensing of Environment},
  year = {2009},
  volume = {113},
  pages = {115--125},
  number = {1}
}

@ARTICLE{Geerken2009,
  author = {Geerken, Roland A.},
  title = {An Algorithm to Classify and Monitor Seasonal Variations in Vegetation
	Phenologies and Their Inter-Annual Change},
  journal = {ISPRS Journal of Photogrammetry and Remote Sensing},
  year = {2009},
  volume = {64},
  pages = {422-431},
  number = {4},
  doi = {10.1016/j.isprsjprs.2009.03.001},
}

@ARTICLE{Ghulam:2007td,
  author = {Ghulam, A. and Qin, Q. and Teyip, T. and Li, Z.-L.},
  title = {Modified Perpendicular Drought Index ({MPDI}): A Real-Time Drought
	Monitoring Method},
  journal = {ISPRS Journal of Photogrammetry and Remote Sensing},
  year = {2007},
  volume = {62},
  pages = {150--164},
  number = {2}
}

@ARTICLE{Hansen2001,
  author = {Hansen, A. J. and Neilson, R. R. and Dale, V. H. and Flather, C.
	H. and Iverson, L. R. and Currie, D. J. and Shafer, S. and Cook,
	R. and Bartlein, P. J.},
  title = {Global Change in Forests: Responses of Species, Communities, and
	Biomes},
  journal = {Bioscience},
  year = {2001},
  volume = {51},
  pages = {765-779},
  number = {9}
}

@ARTICLE{Hargrove2009,
  author = {W. W. Hargrove and J. P. Spruce and G. E. Gasser and F. M. Hoffman},
  title = {Toward a National Early Warning System for Forest Disturbances Using
	Remotely Sensed Canopy Phenalogy},
  journal = {Photogrammetric Engineering and Remote Sensing},
  year = {2009},
  volume = {75},
  pages = {1150--1156},
  number = {10},
  month = {Jan}
}

@ARTICLE{Hayes2007,
  author = {Hayes, D. J. and Cohen, W. B.},
  title = {Spatial, Spectral and Temporal Patterns of Tropical Forest Cover
	Change as Observed with Multiple Scales of Optical Satellite Data},
  journal = {Remote Sensing of Environment},
  year = {2007},
  volume = {106},
  pages = {1-16},
  number = {1}
}

@TECHREPORT{HR08,
  author = {John Haywood and John Randal},
  title = {Trending Seasonal Data with Multiple Structural Breaks. {NZ} Visitor
	Arrivals and the Minimal Effects of 9/11},
  institution = {Victoria University of Wellington},
  year = {2008},
  type = {Research report},
  number = {08/10},
  address = {New Zealand},
  url = {http://msor.victoria.ac.nz/twiki/pub/Main/ResearchReportSeries/mscs08-10.pdf}
}

@ARTICLE{Healey2005,
  author = {Healey, Sean P. and Cohen, Warren B. and Zhiqiang, Yang and Krankina,
	Olga N.},
  title = {Comparison of {T}asseled {C}ap-Based {Landsat} Data Structures for
	Use in Forest Disturbance Detection},
  journal = {Remote Sensing of Environment},
  year = {2005},
  volume = {97},
  pages = {301-310},
  number = {3},
}

@ARTICLE{Hermance2007,
  author = {Hermance, J. F. and Jacob, R. W. and Bradley, B. A. and Mustard, J. F.},
  title = {Extracting Phenological Signals from Multiyear {AVHRR NDVI} Time
	Series: Framework for Applying High-Order Annual Splines with Roughness
	Damping},
  journal = {IEEE Transactions on Geoscience and Remote Sensing},
  year = {2007},
  volume = {45},
  pages = {3264-3276},
  number = {10},
  month = {Oct. },
  doi = {10.1109/TGRS.2007.903044},
  issn = {0196-2892},
}

@ARTICLE{Hilker2009,
  author = {Hilker, Thomas and Wulder, Michael A. and Coops, Nicholas C. and
	Linke, Julia and McDermid, Greg and Masek, Jeffrey G. and Gao, Feng
	and White, Joanne C.},
  title = {A New Data Fusion Model for High Spatial- and Temporal-Resolution
	Mapping of Forest Disturbance Based on {L}andsat and {MODIS}},
  journal = {Remote Sensing of Environment},
  year = {2009},
  volume = {113},
  pages = {1613-1627},
  number = {8},
}

@ARTICLE{Hill2003,
  author = {Hill, M. J. and Donald, G. E.},
  title = {Estimating Spatio-Temporal Patterns of Agricultural Productivity
	in Fragmented Landscapes Using {AVHRR NDVI} Time Series},
  journal = {Remote Sensing of Environment},
  year = {2003},
  volume = {84},
  pages = {367-384},
  number = {3}
}

@ARTICLE{Holben1986,
  author = {Holben, B. N.},
  title = {Characteristics of Maximum-Value Composite Images from Temporal {AVHRR}
	Data},
  journal = {International Journal of Remote Sensing},
  year = {1986},
  volume = {7},
  pages = {1417-1434},
  number = {11}
}

@ARTICLE{Huete2002,
  author = {Huete, A. and Didan, K. and Miura, T. and Rodriguez, E. P. and Gao,
	X. and Ferreira, L. G.},
  title = {Overview of the Radiometric and Biophysical Performance of the {MODIS}
	Vegetation Indices},
  journal = {Remote Sensing of Environment},
  year = {2002},
  volume = {83},
  pages = {195-213},
  number = {1-2}
}

@ARTICLE{Hunt1989,
  author = {Hunt, E. R. and Rock, B. N.},
  title = {Detection of Change in Leaf Water-Content Using Near-Infrared and
	Middle-Infrared Reflectances},
  journal = {Remote Sensing of Environment},
  year = {1989},
  volume = {30},
  pages = {43-54},
  number = {1}
}

@ARTICLE{Jonsson2002,
  author = {J\"{o}nsson, P. and Eklundh, L.},
  title = {Seasonality Extraction by Function Fitting to Time-Series of Satellite
	Sensor Data},
  journal = {IEEE Transactions on Geoscience and Remote Sensing},
  year = {2002},
  volume = {40},
  pages = {1824-1832},
  number = {8}
}

@ARTICLE{Jakubauskas2001,
  author = {Jakubauskas, M. E. and Legates, D. R. and Kastens, J. H.},
  title = {Harmonic Analysis of Time-Series {AVHRR} {NDVI} Data},
  journal = {Photogrammetric Engineering and Remote Sensing},
  year = {2001},
  volume = {67},
  pages = {461-470},
  number = {4}
}

@ARTICLE{Jandhyala1999,
  author = {Jandhyala, V. K. and Zacks, S. and El-Shaarawi, A. H.},
  title = {Change-Point Methods and Their Applications: {C}ontributions of {I}an
	{M}acneill},
  journal = {Environmetrics},
  year = {1999},
  volume = {10},
  pages = {657-676},
  number = {6}
}

@ARTICLE{Jeffrey2001,
  author = {Jeffrey, S. J. and Carter, J. O. and Moodie, K. B. and Beswick, A.
	R.},
  title = {Using Spatial Interpolation to Construct a Comprehensive Archive
	of {A}ustralian Climate Data},
  journal = {Environmental Modelling \& Software},
  year = {2001},
  volume = {16},
  pages = {309-330},
  number = {4}
}

@ARTICLE{LeiJi:2004kx,
  author = {Lei Ji and Peters, A},
  title = {Forecasting Vegetation Greenness with Satellite and Climate Data},
  journal = {IEEE Geoscience and Remote Sensing Letters},
  year = {2004},
  volume = {1},
  pages = {3--6},
  number = {1}
}

@ARTICLE{Jiang:2010ko,
  author = {Jiang, Le and Kogan, Felix N. and Guo, Wei and Tarpley, J. Dan and
	Mitchell, Kenneth E. and Ek, Michael B. and Tian, Yuhong and Zheng,
	Weizhong and Zou, Cheng -Zhi and Ramsay, Bruce H.},
  title = {Real-Time Weekly Global Green Vegetation Fraction Derived from Advanced
	Very High Resolution Radiometer-Based {NOAA} Operational Global Vegetation
	Index ({GVI}) System}},
  journal = {Journal Of Geophysical Research-Biogeosciences},
  year = {2010},
  volume = {115},
  pages = {D11114},
  number = {11}
}

@ARTICLE{Jin2005,
  author = {Jin, S. M. and Sader, S. A.},
  title = {{MODIS} Time-Series Imagery for Forest Disturbance Detection and
	Quantification of Patch Size Effects},
  journal = {Remote Sensing of Environment},
  year = {2005},
  volume = {99},
  pages = {462-470},
  number = {4}
}

@ARTICLE{Jolly2005,
  author = {Jolly, Willian M. and Nemani, Ramakrishna and Running, Steven W.},
  title = {A Generalized, Bioclimatic Index to Predict Foliar Phenology in Response
	to Climate},
  journal = {Global Change Biology},
  year = {2005},
  volume = {11},
  pages = {619-632},
  number = {4}
}

@ARTICLE{deJong:wo,
  author = {de Jong, Rogier and Verbesselt, Jan and Schaepman, Michael E and
	de Bruin, Sytze},
  title = {Trend Changes in Global Greening and Browning: Contribution of Short-Term
	Trends to Longer-Term Change},
  journal = {Global Change Biology},
  year = {2011},
  volume = {18},
  pages = {1-15},
  number = {2}
}

@ARTICLE{Julien2010,
  author = {Julien, Y. and Sobrino, J. A.},
  title = {Comparison of Cloud-Reconstruction Methods for Time Series of Composite
	{NDVI} Data},
  journal = {Remote Sensing of Environment},
  year = {2010},
  volume = {114},
  pages = {618-625},
  number = {3}
}

@ARTICLE{Julien2009,
  author = {Julien, Y. and Sobrino, J. A.},
  title = {Global Land Surface Phenology Trends from {{GIMMS}} Database},
  journal = {International Journal of Remote Sensing},
  year = {2009},
  volume = {30},
  pages = {3495-3513},
  number = {13}
}

@ARTICLE{Kennedy2007,
  author = {Kennedy, R. E. and Cohen, W. B. and Schroeder, T. A.},
  title = {Trajectory-Based Change Detection for Automated Characterization
	of Forest Disturbance Dynamics},
  journal = {Remote Sensing of Environment},
  year = {2007},
  volume = {110},
  pages = {370-386},
  number = {3}
}

@ARTICLE{Lambin2006,
  author = {Lambin, E. F. and Linderman, M.},
  title = {Time Series of Remote Sensing Data for Land Change Science},
  journal = {IEEE Transactions on Geoscience and Remote Sensing},
  year = {2006},
  volume = {44},
  pages = {1926-1928},
  number = {7},
}

@ARTICLE{Lambin1994,
  author = {Lambin, E. F. and Strahler, A. H.},
  title = {Change-Vector Analysis in Multitemporal Space -- {A} Tool to Detect
	and Categorize Land-Cover Change Processes Using High Temporal-Resolution
	Satellite Data},
  journal = {Remote Sensing of Environment},
  year = {1994},
  volume = {48},
  pages = {231--244},
  number = {2}
}

@ARTICLE{Lambin1994a,
  author = {Lambin, E. F. and Strahler, A. H.},
  title = {Indicators of Land-Cover Change For Change-Vector Analysis In Multitemporal
	Space at Coarse Spatial Scales},
  journal = {International Journal of Remote Sensing},
  year = {1994},
  volume = {15},
  pages = {2099--2119},
  number = {10},
  owner = {ver090},
  sn = {0143-1161},
  tc = {66},
  timestamp = {2009.03.11},
  ut = {WOS:A1994PD64900010}
}

@ARTICLE{Leisch2000,
  author = {Friedrich Leisch and Kurt Hornik and Chung-Ming Kuan},
  title = {Monitoring Structural Changes with the Generalized Fluctuation Test},
  journal = {Econometric Theory},
  year = {2000},
  volume = {16},
  pages = {835--854}
}

@ARTICLE{Lenton:2011ke,
  author = {Lenton, Timothy M},
  title = {Early Warning of Climate Tipping Points},
  journal = {Nature Publishing Group},
  year = {2011},
  volume = {1},
  pages = {201--209},
  number = {4},
  month = jun
}

@ARTICLE{Lhermitte2008,
  author = {Lhermitte, S. and Verbesselt, J. and Jonckheere, I. and Nackaerts,
	K. and van Aardt, J. A. N. and Verstraeten, W. W. and Coppin, P.},
  title = {Hierarchical Image Segmentation Based on Similarity of {NDVI} Time
	Series},
  journal = {Remote Sensing of Environment},
  year = {2008},
  volume = {112},
  pages = {506-521},
  number = {2},
  owner = {ver090},
  timestamp = {2009.03.11}
}

@ARTICLE{Lhermitte:2011gj,
  author = {Lhermitte, S and Verbesselt, J and Verstraeten, W. W. and Coppin,
	P},
  title = {A Comparison of Time Series Similarity Measures for Classification
	and Change Detection of Ecosystem Dynamics},
  journal = {Remote Sensing of Environment},
  year = {2011},
  pages = {1--24},
  month = aug,
  doi = {10.1016/j.rse.2011.06.02},
  owner = {janvb},
  timestamp = {2011.09.02}
}

@ARTICLE{vanLier:2011ga,
  author = {van Lier, O R and Luther, J E and Leckie, D G and Bowers, W W},
  title = {Development of Large-Area Land Cover and Forest Change Indicators
	Using Multi-Sensor {L}andsat Imagery: Application to the {H}umber {R}iver
	{B}asin, {C}anada}},
  journal = {International Journal of Applied Earth Observation And Geoinformation},
  year = {2011},
  volume = {13},
  pages = {819--829},
  number = {5},
  month = oct
}

@ARTICLE{Linderholm2006,
  author = {Linderholm, Hans W.},
  title = {Growing Season Changes in the Last Century},
  journal = {Agricultural and Forest Meteorology},
  year = {2006},
  volume = {137},
  pages = {1-14},
  number = {1-2}
}

@ARTICLE{Lu2004,
  author = {Lu, D. and Mausel, P. and Brondizio, E. and Moran, E.},
  title = {Change Detection Techniques},
  journal = {International Journal of Remote Sensing},
  year = {2004},
  volume = {25},
  pages = {2365-2407},
  number = {12}
}

@ARTICLE{Lu2003,
  author = {Lu, H. and Raupach, M. R. and McVicar, T. R. and Barrett, D. J.},
  title = {Decomposition of Vegetation Cover into Woody and Herbaceous Components
	Using {AVHRR} {NDVI} Time Series},
  journal = {Remote Sensing of Environment},
  year = {2003},
  volume = {86},
  pages = {1-18},
  number = {1}
}

@BOOK{Makridakis1998,
  title = {Forecasting: Methods and Applications},
  publisher = {John Wiley \& Sons},
  year = {1998},
  author = {Makridakis, Spyros and Wheelwright, Steven C. and Rob J Hyndman},
  address = {New York},
  edition = {3rd}
}

@ARTICLE{Menzel2000,
  author = {Menzel, A.},
  title = {Trends in Phenological Phases in {E}urope between 1951 and 1996},
  journal = {International Journal of Biometeorology},
  year = {2000},
  volume = {44},
  pages = {76-81},
  number = {2}
}

@ARTICLE{Morisette2009,
  author = {Morisette, Jeffrey T. and Richardson, Andrew D. and Knapp, Alan K.
	and Fisher, Jeremy I. and Graham, Eric A. and Abatzoglou, John and
	Wilson, Bruce E. and Breshears, David D. and Henebry, Geoffrey M.
	and Hanes, Jonathan M. and Liang, Liang},
  title = {Tracking the Rhythm of the Seasons in the Face of Global Change:
	Phenological Research in the 21st Century},
  journal = {Frontiers in Ecology and the Environment},
  year = {2009},
  volume = {7},
  pages = {253-260},
  number = {5}
}

@TECHREPORT{Muchiri2007,
  author = {Muchiri, P. W.},
  title = {Climate of {S}omalia},
  institution = {Somalia Water and Land Information Management (SWALIM)},
  year = {2007},
  type = {Technical report},
  number = {W-01},
  address = {Nairobi, Kenya}
}

@ARTICLE{Myneni:1997ur,
  author = {Myneni, R. B. and Keeling, C. D. and Tucker, C. J. and Asrar, G and Nemani, R. R.},
  title = {Increased Plant Growth in the Northern High Latitudes from 1981 to 1991},
  journal = {Nature},
  year = {1997},
  volume = {386},
  pages = {698--702},
  number = {6626}
}

@ARTICLE{Myneni1995,
  author = {Myneni, R. B. and Hall, F. G. and Sellers, P. J. and Marshak, A.
	L.},
  title = {The Interpretation of Spectral Vegetation Indexes},
  journal = {IEEE Transactions on Geoscience and Remote Sensing},
  year = {1995},
  volume = {33},
  pages = {481-486},
  number = {2}
}

@ARTICLE{Parmesan2003,
  author = {Parmesan, Camille and Yohe, Gary},
  title = {A Globally Coherent Fingerprint of Climate Change Impacts Across
	Natural Systems},
  journal = {Nature},
  year = {2003},
  volume = {421},
  pages = {37-42},
  number = {6918}
}

@TECHREPORT{Perron2005,
  author = {Pierre Perron},
  title = {Dealing with Structural Breaks},
  institution = {Boston University -- Department of Economics},
  year = {2005},
  type = {Boston University -- Department of Economics -- Working Papers Series},
  number = {WP2005-017},
  month = Apr,
  url = {http://ideas.repec.org/p/bos/wpaper/wp2005-017.html}
}

@ARTICLE{Pesaran2002,
  author = {M. Hashem Pesaran and Allan Timmermann},
  title = {Market Timing and Return Prediction under Model Instability},
  journal = {Journal of Empirical Finance},
  year = {2002},
  volume = {9},
  pages = {495--510}
}

@ARTICLE{Pettorelli:2005ed,
  author = {Pettorelli, Nathalie and Vik, Jon Olav and Mysterud, Atle and Gaillard,
	Jean-Michel and Tucker, Compton J and Stenseth, Nils Chr},
  title = {Using the Satellite-Derived {NDVI} to Assess Ecological Responses
	to Environmental Change},
  journal = {Trends in Ecology and Evolution},
  year = {2005},
  volume = {20},
  pages = {503--510},
  number = {9},
  month = sep
}

@ARTICLE{Piao2006,
  author = {Piao, S. and Fang, J. and Zhou, L. and Ciais, P. and Zhu, B.},
  title = {Variations in Satellite-Derived Phenology in {C}hina's Temperate Vegetation},
  journal = {Global Change Biology},
  year = {2006},
  volume = {12},
  pages = {672-685},
  number = {4}
}

@INCOLLECTION{Pickett:1986td,
  author = {Pickett, Steward T. A. and White, P. S.},
  title = {An Introduction},
  booktitle = {The Ecology of Natural Disturbance and Patch Dynamics},
  publisher = {Academic Press},
  year = {1986},
  pages = {3--13},
  address = {New York}
}

@ARTICLE{Potter2003,
  author = {Potter, C. and Tan, P. N. and Steinbach, M. and Klooster, S. and
	Kumar, V. and Myneni, R. and Genovese, V.},
  title = {Major Disturbance Events in Terrestrial Ecosystems Detected Using
	Global Satellite Data Sets},
  journal = {Global Change Biology},
  year = {2003},
  volume = {9},
  pages = {1005-1021},
  number = {7}
}

@ARTICLE{Poulter2009,
  author = {Poulter, Benjamin and Cramer, Wolfgang},
  title = {Satellite Remote Sensing of Tropical Forest Canopies and Their Seasonal
	Dynamics},
  journal = {International Journal of Remote Sensing},
  year = {2009},
  volume = {30},
  pages = {6575--6590},
  number = {24}
}

@MANUAL{R,
  title = {R: A Language and Environment for Statistical Computing},
  author = {{R Development Core Team}},
  organization = {R Foundation for Statistical Computing},
  address = {Vienna, Austria},
  year = {2011},
  url = {http://www.R-project.org/}
}

@ARTICLE{Radziejewski2004,
  author = {Radziejewski, M. and Kundzewicz, Z. W.},
  title = {Detectability of Changes in Hydrological Records},
  journal = {Hydrological Sciences Journal},
  year = {2004},
  volume = {49},
  pages = {39-51},
  number = {1},
  owner = {ver090},
  timestamp = {2009.03.21}
}

@ARTICLE{Raupach2005,
  author = {Raupach, M. R. and Rayner, P. J. and Barrett, D. J. and DeFries,
	R. S. and Heimann, M. and Ojima, D. S. and Quegan, S. and Schmullius,
	C. C.},
  title = {Model-Data Synthesis in Terrestrial Carbon Observation: Methods,
	Data Requirements and Data Uncertainty Specifications},
  journal = {Global Change Biology},
  year = {2005},
  volume = {11},
  pages = {378-397},
  number = {3},
  doi = {10.1111/j.1365-2486.2005.00917.x}
}

@ARTICLE{Rautiainen2009,
  author = {Rautiainen, M. and Nilson, T. and Lukk, T.},
  title = {Seasonal Reflectance Trends of Hemiboreal Birch Forests},
  journal = {Remote Sensing of Environment},
  year = {2009},
  volume = {113},
  pages = {805-815},
  number = {4}
}

@ARTICLE{Reed2003,
  author = {Reed, B. C. and White, M. and Brown, J. F.},
  title = {Remote Sensing Phenology},
  journal = {Phenology: An Integrative Environmental Science},
  year = {2003},
  volume = {39},
  pages = {365-381}
}

@ARTICLE{Roerink2000,
  author = {Roerink, G. J. and Menenti, M. and Verhoef, W.},
  title = {Reconstructing Cloudfree {NDVI} Composites Using {F}ourier Analysis
	of Time Series},
  journal = {International Journal of Remote Sensing},
  year = {2000},
  volume = {21},
  pages = {1911--1917},
  number = {9}
}

@ARTICLE{Rojas:2005bz,
  author = {Rojas, O. and Rembold, F and Royer, A and Negre, T},
  title = {Real-Time Agrometeorological Crop Yield Monitoring in Eastern {A}frica},
  journal = {Agronomy for Sustainable Development},
  year = {2005},
  volume = {25},
  pages = {63--77},
  number = {1}
}

@ARTICLE{Roy2002,
  author = {Roy, D. P. and Borak, J. S. and Devadiga, S. and Wolfe, R. E. and
	Zheng, M. and Descloitres, J.},
  title = {The {MODIS} {L}and Product Quality Assessment Approach},
  journal = {Remote Sensing of Environment},
  year = {2002},
  volume = {83},
  pages = {62-76},
  number = {1-2},
  owner = {ver090},
  timestamp = {2009.03.21}
}

@ARTICLE{Samanta:2011hp,
  author = {Samanta, A and Costa, M H and Nunes, E L and Vieira, S A and Xu,
	L and Myneni, R B},
  title = {Comment on ``{D}rought-Induced Reduction in Global Terrestrial Net
	Primary Production from 2000 through 2009''},
  journal = {Science},
  year = {2011},
  volume = {333},
  pages = {1093--1093},
  number = {6046},
  month = aug
}

@ARTICLE{Schimel:2001vi,
  author = {Schimel, D. S. and House, J. I. and Hibbard, K. A. and Bousquet, P.
	and Ciais, P and Peylin, P and Braswell, B. H. and Apps, M. J. and
	Baker, D. and Bondeau, A and Canadell, J. and Churkina, G. and Cramer,
	W. and Denning, A. S. and Field, C. B. and Friedlingstein, P and Goodale,
	C. and Heimann, M and Houghton, R. A. and Melillo, J. M. and Moore
	III, B and Murdiyarso, D. and Noble, I. and Pacala, S. W. and Prentice,
	I. C. and Raupach, M. R. and Rayner, P. J. and Scholes, R J and Steffen,
	W. L. and Wirth, C.},
  title = {Recent Patterns and Mechanisms of Carbon Exchange by Terrestrial
	Ecosystems},
  journal = {Nature},
  year = {2001},
  volume = {414},
  pages = {169--172},
  number = {6860}
}

@ARTICLE{Schimel1997,
  author = {Schimel, D. S. and Emanuel, W. and Rizzo, B. and Smith, T. and Woodward,
	F. I. and Fisher, H. and Kittel, T. G. F. and McKeown, R. and Painter,
	T. and Rosenbloom, N. and Ojima, D. S. and Parton, W. J. and Kicklighter,
	D. W. and McGuire, A. D. and Melillo, J. M. and Pan, Y. and Haxeltine,
	A. and Prentice, C. and Sitch, S. and Hibbard, K. and Nemani, R.
	and Pierce, L. and Running, S. and Borchers, J. and Chaney, J. and
	Neilson, R. and Braswell, B. H.},
  title = {Continental Scale Variability in Ecosystem Processes: Models, Data,
	and the Role of Disturbance},
  journal = {Ecological Monographs},
  year = {1997},
  volume = {67},
  pages = {251-271},
  number = {2}
}

@ARTICLE{Schwartz1999,
  author = {Schwartz, M. D.},
  title = {Advancing to Full Bloom: Planning Phenological Research for the 21st
	Century},
  journal = {International Journal of Biometeorology},
  year = {1999},
  volume = {42},
  pages = {113-118},
  number = {3}
}

@ARTICLE{Schwartz2006,
  author = {Schwartz, Mark D. and Ahas, Rein and Aasa, Anto},
  title = {Onset of Spring Starting Earlier across the Northern Hemisphere},
  journal = {Global Change Biology},
  year = {2006},
  volume = {12},
  pages = {343-351}
}

@ARTICLE{Schwartz2002,
  author = {Schwartz, M. D. and Reed, B. C. and White, M. A.},
  title = {Assessing Satellite-Derived Start-of-Season Measures in the Conterminous
	{USA}},
  journal = {International Journal of Climatology},
  year = {2002},
  volume = {22},
  pages = {1793-1805},
  number = {14}
}

@ARTICLE{Shao2002,
  author = {Shao, Q. and Campbell, N. A.},
  title = {Modelling Trends in Groundwater Levels by Segmented Regression with
	Constraints},
  journal = {Australian \& New Zealand Journal of Statistics},
  year = {2002},
  volume = {44},
  pages = {129-141},
  number = {2}
}

@ARTICLE{Shimabukuro:2006vb,
  author = {Shimabukuro, Y E and Duarte, V and Anderson, L O and Valeriano, D M
	and Arai, E and Freitas, R M and Rudorff, B F T and Moreira, M A},
  title = {Near Real Time Detection of Deforestation in the {B}razilian {A}mazon
	Using {MODIS} Imagery},
  journal = {Revista Ambiente e {\'A}gua -- An Interdisciplinary Journal of Applied
	Science},
  year = {2006},
  volume = {1},
  number = {1}
}

@ARTICLE{Somers2010,
  author = {Somers, B. and Verbesselt, J. and Ampe, E. M. and Sims, N. and Verstraeten,
	W. W. and Coppin, P.},
  title = {Spectral Mixture Analysis to Monitor Defoliation in Mixed-Aged {E}ucalyptus
	{G}lobulus {L}abill Plantations in Southern {A}ustralia Using {L}andsat {5-TM}
	and {EO-1} {H}yperion Data},
  journal = {International Journal of Applied Earth Observation and Geoinformation},
  year = {2010},
  volume = {12},
  pages = {270-277},
  number = {4},
  doi = {10.1016/j.jag.2010.03.005}
}

@ARTICLE{Soudani2008,
  author = {Soudani, Kamel and le Maire, Guerric and Dufrene, Eric and Francois,
	Christophe and Delpierre, Nicolas and Ulrich, Erwin and Cecchini,
	Sebastien},
  title = {Evaluation of the Onset of Green-Up in Temperate Deciduous Broadleaf
	Forests Derived from {M}oderate {R}esolution {I}maging {S}pectroradiometer
	({MODIS}) Data},
  journal = {Remote Sensing of Environment},
  year = {2008},
  volume = {112},
  pages = {2643-2655},
  number = {5},
  month = {MAY 15},
  doi = {10.1016/j.rse.2007.12.004}
}

@ARTICLE{Souza:2005gl,
  author = {Souza, C M and Roberts, D},
  title = {Mapping Forest Degradation in the {A}mazon Region with {I}konos Images},
  journal = {International Journal Of Remote Sensing},
  year = {2005},
  volume = {26},
  pages = {425--429},
  number = {3}
}

@ARTICLE{Stone2008,
  author = {Stone, C. and Turner, R. and Verbesselt, J.},
  title = {Integrating Plantation Health Surveillance and Wood Resource Inventory
	Systems Using Remote Sensing},
  journal = {Australian Forestry},
  year = {2008},
  volume = {71},
  pages = {245-253},
  number = {3}
}

@ARTICLE{Townshend1991,
  author = {Townshend, J. and Justice, C. and Li, W. and Gurney, C. and McManus,
	J.},
  title = {Global Land Cover Classification by Remote Sensing: Present Capabilities
	and Future Possibilities},
  journal = {Remote Sensing of Environment},
  year = {1991},
  volume = {35},
  pages = {243-255},
  number = {2-3}
}

@ARTICLE{Townshend1988,
  author = {Townshend, J. R. G. and Justice, C. O.},
  title = {Selecting the Spatial-Resolution of Satellite Sensors Required for
        Global Monitoring of Land Transformations},
  journal = {International Journal of Remote Sensing},
  year = {1988},
  volume = {9},
  pages = {187-236},
  number = {2}
}

@ARTICLE{Tralli:2005ch,
  author = {David M. Tralli and Ronald G. Blom and Victor Zlotnicki and Andrea
	Donnellan and Diane L. Evans},
  title = {Satellite Remote Sensing of Earthquake, Volcano, Flood, Landslide
	and Coastal Inundation Hazards},
  journal = {ISPRS Journal of Photogrammetry and Remote Sensing},
  year = {2005},
  volume = {59},
  pages = {185--198},
  number = {4},
  doi = {10.1016/j.isprsjprs.2005.02.002}
}

@ARTICLE{Tucker1979,
  author = {Tucker, C. J.},
  title = {Red and Photographic Infrared Linear Combinations for Monitoring
	Vegetation},
  journal = {Remote Sensing of Environment},
  year = {1979},
  volume = {8},
  pages = {127-150},
  number = {2}
}

@ARTICLE{Turner:2010wo,
  author = {Turner, Monica G.},
  title = {Disturbance and Landscape Dynamics in a Changing World},
  journal = {Ecology},
  year = {2010},
  volume = {91},
  pages = {2833--2849},
  number = {10},
}

@BOOK{Venables2002,
  title = {Modern Applied Statistics with {S}},
  publisher = {Springer-Verlag},
  address = {New York},
  year = {2002},
  author = {Venables, W. N. and Ripley, B. D.},
  edition = {4th},
}

@ARTICLE{Verbesselt2009a,
  author = {Verbesselt, J. and Hyndman, R. and Newnham, G. and Culvenor, D.},
  title = {Detecting Trend and Seasonal Changes in Satellite Image Time Series},
  journal = {Remote Sensing of Environment},
  year = {2010},
  volume = {114},
  pages = {106-115},
  number = {1},
  doi = {10.1016/j.rse.2009.08.014},
}

@ARTICLE{Verbesselt:2010wo,
  author = {Verbesselt, J and Hyndman, R and Zeileis, A and Culvenor, D},
  title = {Phenological Change Detection while Accounting for Abrupt and Gradual
	Trends in Satellite Image Time Series},
  journal = {Remote Sensing of Environment},
  year = {2010},
  volume = {114},
  pages = {2970--2980},
  number = {12}
}

@ARTICLE{Verbesselt2006,
  author = {Verbesselt, J. and J\"{o}nsson, P. and Lhermitte, S. and van Aardt,
	J. and Coppin, P.},
  title = {Evaluating Satellite and Climate Data Derived Indices as Fire Risk
	Indicators in Savanna Ecosystems},
  journal = {{IEEE} Transactions on Geoscience and Remote Sensing},
  year = {2006},
  volume = {44},
  pages = {1622-1632},
  number = {6}
}

@ARTICLE{Verbesselt2009,
  author = {Jan Verbesselt and Andrew Robinson and Christine Stone and Darius
	Culvenor},
  title = {Forecasting Tree Mortality Using Change Metrics Derived from {MODIS}
	Satellite Data},
  journal = {Forest Ecology and Management},
  year = {2009},
  volume = {258},
  pages = {1166--1173},
  number = {7},
  doi = {10.1016/j.foreco.2009.06.011}
}

@ARTICLE{Verdin:2005by,
  author = {Verdin, J and Funk, C and Senay, G and Choularton, R},
  title = {Climate Science and Famine Early Warning},
  journal = {Philosophical Transactions of the Royal Society B},
  year = {2005},
  volume = {360},
  pages = {2155--2168},
  number = {1463},
  doi = {10.1098/rstb.2005.1754}
}

@ARTICLE{Viovy1992,
  author = {Viovy, N. and Arino, O. and Belward, A. S.},
  title = {The {B}est {I}ndex {S}lope {E}xtraction ({BISE}) -- {A} Method for Reducing Noise
	in {NDVI} Time-Series}},
  journal = {International Journal of Remote Sensing},
  year = {1992},
  volume = {13},
  pages = {1585-1590},
  number = {8}
}

@ARTICLE{Vogelmann:2012hm,
  author = {Vogelmann, James E and Xian, George and Homer, Collin and Tolk, Brian},
  title = {Monitoring Gradual Ecosystem Change Using {L}andsat Time Series Analyses:
	Case Studies in Selected Forest and Rangeland Ecosystems},
  journal = {Remote Sensing Of Environment},
  year = {2012},
  pages = {1--14},
  month = feb,
  doi = {10.1016/j.rse.2011.06.027}
}

@ARTICLE{Vrieling:2011da,
  author = {Vrieling, A. and de Beurs, K M and Brown, M. E.},
  title = {Variability of {A}frican Farming Systems from {P}henological Analysis
	of {NDVI} Time Series}},
  journal = {Climatic Change},
  year = {2011},
  volume = {1},
  pages = {1--23}
}

@ARTICLE{Wagenseil2006,
  author = {Wagenseil, H. and Samimi, C.},
  title = {Assessing Spatio-Temporal Variations in Plant Phenology Using {F}ourier
	Analysis on {NDVI} Time Series: Results from a Dry Savannah Environment
	in {N}amibia},
  journal = {International Journal of Remote Sensing},
  year = {2006},
  volume = {27},
  pages = {3455-3471},
  number = {16}
}

@ARTICLE{Wang2007,
  author = {Wang, Y. P. and Baldocchi, D. and Leuning, R. and Falge, E. and Vesala,
	T.},
  title = {Estimating Parameters in a Land-Surface Model by Applying Nonlinear
	Inversion to Eddy Covariance Flux Measurements from Eight {FLUXNET}
	Sites},
  journal = {Global Change Biology},
  year = {2007},
  volume = {13},
  pages = {652-670},
  number = {3}
}

@ARTICLE{White2009,
  author = {White, Michael A. and de Beurs, Kirsten M. and Didan, Kamel and Inouye,
	David W. and Richardson, Andrew D. and Jensen, Olaf P. and O'Keefe,
	John and Zhang, Gong and Nemani, Ramakrishna R. and van Leeuwen,
	Willem J. D. and Brown, Jesslyn F. and de Wit, Allard and Schaepman,
	Michael and Lin, Xioamao and Dettinger, Michael and Bailey, Amey
	S. and Kimball, John and Schwartz, Mark D. and Baldocchi, Dennis
	D. and Lee, John T. and Lauenroth, William K.},
  title = {Intercomparison, Interpretation, and Assessment of Spring Phenology
	in {N}orth {A}merica Estimated from Remote Sensing for 1982--2006},
  journal = {Global Change Biology},
  year = {2009},
  volume = {15},
  pages = {2335-2359}
}

@ARTICLE{White2003,
  author = {White, M. A. and Nemani, A. R.},
  title = {Canopy Duration Has Little Influence on Annual Carbon Storage in
	the Deciduous Broad Leaf Forest},
  journal = {Global Change Biology},
  year = {2003},
  volume = {9},
  pages = {967-972},
  number = {7}
}

@ARTICLE{White2006,
  author = {White, Michael A. and Nemani, Ramakrishna R.},
  title = {Real-Time Monitoring and Short-Term Forecasting of Land Surface Phenology},
  journal = {Remote Sensing of Environment},
  year = {2006},
  volume = {104},
  pages = {43-49},
  number = {1}
}

@ARTICLE{White2002,
  author = {White, M. A. and Nemani, R. R. and Thornton, P. E. and Running, S.
	W.},
  title = {Satellite Evidence of Phenological Differences between Urbanized
	and Rural Areas of the Eastern {U}nited {S}tates Deciduous Broadleaf
	Forest},
  journal = {Ecosystems},
  year = {2002},
  volume = {5},
  pages = {260-273},
  number = {3}
}

@ARTICLE{White1997,
  author = {White, M. A. and Thornton, P. E. and Running, S. W.},
  title = {A Continental Phenology Model for Monitoring Vegetation Responses
	to Interannual Climatic Variability},
  journal = {Global Biogeochemical Cycles},
  year = {1997},
  volume = {11},
  pages = {217-234},
  number = {2}
}

@ARTICLE{Wolfe1998,
  author = {Wolfe, R. E. and Roy, D. P. and Vermote, E.},
  title = {{MODIS} Land Data Storage, Gridding, and Compositing ethodology:
	Level~2 Grid},
  journal = {{IEEE} Transactions on Geoscience and Remote Sensing},
  year = {1998},
  volume = {36},
  pages = {1324-1338},
  number = {4},
  owner = {ver090},
  timestamp = {2009.03.21}
}

@ARTICLE{Xie:1997tw,
  author = {Xie, P P and Arkin, P A},
  title = {Global Precipitation: A 17-Year Monthly Analysis Based on Gauge
	Observations, Satellite Estimates, and Numerical Model Outputs},
  journal = {Bulletin of the American Meteorological Society},
  year = {1997},
  volume = {78},
  pages = {2539--2558},
  number = {11}
}

@ARTICLE{Zeileis2006,
  author = {Achim Zeileis},
  title = {Implementing a Class of Structural Change Tests: An Econometric Computing
	Approach},
  journal = {Computational Statistics \& Data Analysis},
  year = {2006},
  volume = {50},
  pages = {2987--3008}
}

@ARTICLE{Zeileis2005a,
  author = {Zeileis, Achim},
  title = {A Unified Approach to Structural Change Tests Based on {ML} Scores,
	{$F$} Statistics, and {OLS} Residuals},
  journal = {Econometric Reviews},
  year = {2005},
  volume = {24},
  pages = {445--466},
  number = {4}
}

@ARTICLE{Zeileis2005,
  author = {Zeileis, A. and Kleiber, C.},
  title = {Validating Multiple Structural Change Models -- {A} Case Study},
  journal = {Journal of Applied Econometrics},
  year = {2005},
  volume = {20},
  pages = {685-690},
  number = {5}
}

@ARTICLE{Zeileis2003,
  author = {Achim Zeileis and Christian Kleiber and Walter Kr\"amer and Kurt
	Hornik},
  title = {Testing and Dating of Structural Changes in Practice},
  journal = {Computational Statistics and Data Analysis},
  year = {2003},
  volume = {44},
  pages = {109-123}
}

@ARTICLE{Zeileis2002,
  author = {Achim Zeileis and Friedrich Leisch and Kurt Hornik and Christian
	Kleiber},
  title = {{strucchange}: An {R} Package for Testing for Structural Change in
	Linear Regression Models},
  journal = {Journal of Statistical Software},
  year = {2002},
  volume = {7},
  pages = {1-38},
  number = {2}
}

@ARTICLE{Zeileis2005b,
  author = {Achim Zeileis and Friedrich Leisch and Christian Kleiber and Kurt
	Hornik},
  title = {Monitoring Structural Change in Dynamic Econometric Models},
  journal = {Journal of Applied Econometrics},
  year = {2005},
  volume = {20},
  pages = {99--121},
  number = {1}
}

@ARTICLE{Zeileis:2010tt,
  author = {Zeileis, A and Shah, A and Patnaik, I},
  title = {Testing, Monitoring, and Dating Structural Changes in Exchange Rate
	Regimes},
  journal = {Computational Statistics \& Data Analysis},
  year = {2010},
  volume = {54},
  pages = {1696--1706},
  number = {6}
}

@ARTICLE{Zhang2009,
  author = {Zhang, X. Y. and Friedl, M. A. and Schaaf, C. B.},
  title = {Sensitivity of Vegetation Phenology Detection to the Temporal Resolution
	of Satellite Data},
  journal = {International Journal of Remote Sensing},
  year = {2009},
  volume = {30},
  pages = {2061-2074},
  number = {8}
}

@ARTICLE{Zhang2004,
  author = {Zhang, X. Y. and Friedl, M. A. and Schaaf, C. B. and Strahler, A.
	H.},
  title = {Climate Controls on Vegetation Phenological Patterns in Northern
	Mid- and High Latitudes Inferred from {MODIS} Data},
  journal = {Global Change Biology},
  year = {2004},
  volume = {10},
  pages = {1133-1145},
  number = {7}
}

@ARTICLE{Zhang2003,
  author = {Zhang, X. Y. and Friedl, M. A. and Schaaf, C. B. and Strahler, A.
	H. and Hodges, J. C. F. and Gao, F. and Reed, B. C. and Huete, A.},
  title = {Monitoring Vegetation Phenology Using {MODIS}},
  journal = {Remote Sensing of Environment},
  year = {2003},
  volume = {84},
  pages = {471-475},
  number = {3}
}

